<?xml version="1.0" encoding="UTF-8"?>

<marc21:record xmlns:marc21="http://www.loc.gov/MARC21/slim" xmlns:xsi="http://www.w3.org/2001/XMLSchema-instance" xsi:schemaLocation="http://www.loc.gov/MARC21/slim http://www.loc.gov/standards/marcxml/schema/MARC21slim.xsd">
  <marc21:leader>04530nam a22006377a 4500</marc21:leader>
  <marc21:controlfield tag="001">001052512</marc21:controlfield>
  <marc21:controlfield tag="003">CZ BrMZK</marc21:controlfield>
  <marc21:controlfield tag="005">20070717162926.0</marc21:controlfield>
  <marc21:controlfield tag="007">ta</marc21:controlfield>
  <marc21:controlfield tag="008">070531s1647 xxk fr|||||00| ||latod</marc21:controlfield>
  <marc21:datafield tag="040" ind1=" " ind2=" ">
    <marc21:subfield code="a">BOA001</marc21:subfield>
    <marc21:subfield code="b">cze</marc21:subfield>
  </marc21:datafield>
  <marc21:datafield tag="041" ind1="0" ind2=" ">
    <marc21:subfield code="a">lat</marc21:subfield>
    <marc21:subfield code="a">eng</marc21:subfield>
  </marc21:datafield>
  <marc21:datafield tag="072" ind1=" " ind2="7">
    <marc21:subfield code="a">094</marc21:subfield>
    <marc21:subfield code="x">Staré tisky</marc21:subfield>
    <marc21:subfield code="2">Konspekt</marc21:subfield>
    <marc21:subfield code="9">12</marc21:subfield>
  </marc21:datafield>
  <marc21:datafield tag="080" ind1=" " ind2=" ">
    <marc21:subfield code="a">025.171</marc21:subfield>
    <marc21:subfield code="2">MRF</marc21:subfield>
  </marc21:datafield>
  <marc21:datafield tag="100" ind1="1" ind2=" ">
    <marc21:subfield code="a">Komenský, Jan Amos,</marc21:subfield>
    <marc21:subfield code="d">1592-1670</marc21:subfield>
    <marc21:subfield code="7">jk01061444</marc21:subfield>
    <marc21:subfield code="4">aut</marc21:subfield>
  </marc21:datafield>
  <marc21:datafield tag="245" ind1="1" ind2="0">
    <marc21:subfield code="a">Vestibulum Novissimum Linguae Latinae :</marc21:subfield>
    <marc21:subfield code="b">Rerum &amp; Linguae cardines exhibens (ad Leges methodi Linguarum novissimae concinnatum) Anglicè factum (secundum ejusdem exemplar ab Henrico Schoof Belgicè redditum,) atque cum Originali diligenter comparatum, &amp; Grammaticâ Vestibulari Indiceque Anglico, ita accomodatum, ut hinc brevi tempore Latina Lingua solidè addisci queat /</marc21:subfield>
    <marc21:subfield code="c">Joh. Amos Comenii ; Cui annectitur, Orthographia Latina, atque Gramaticae vulgò Lilianae Synopsis, Cura &amp; sumptibus J. Riparii = Joh. Amos Comenius His Last Porch Of The Latin Tongue: Setting out the agreement of Things and Language (made fit unto the Rules of the last Method of Languages) made English (according to the Copy thereof turned into Low-Dutch by Henry Schoof) and carefully compared with the Original; Also so fitted with a Vestibulary Grammar, and an English Table, that hence the Latin Tongue may be perfectly well learned in a short time: By J. Brookbank</marc21:subfield>
  </marc21:datafield>
  <marc21:datafield tag="260" ind1=" " ind2=" ">
    <marc21:subfield code="a">London :</marc21:subfield>
    <marc21:subfield code="b">Printed by R. Hodgkinsonne,</marc21:subfield>
    <marc21:subfield code="c">1647</marc21:subfield>
  </marc21:datafield>
  <marc21:datafield tag="300" ind1=" " ind2=" ">
    <marc21:subfield code="a">[15], 221, [3] s. ;</marc21:subfield>
    <marc21:subfield code="c">8°</marc21:subfield>
  </marc21:datafield>
  <marc21:datafield tag="500" ind1=" " ind2=" ">
    <marc21:subfield code="a">Výzdoba: titulní strana v orámování z linek, vlysy z typografických ozdob, iniciály, tabulková úprava, vnitřní titulní list</marc21:subfield>
  </marc21:datafield>
  <marc21:datafield tag="505" ind1="0" ind2=" ">
    <marc21:subfield code="a">Orthographia, Hoc Est Grammatices Nostrae Regiae Latinae Pars prima, rationem exhibens veram, rectè scribendi, atque pronunciandi Linguam Latinam. In quâ Doctrina, in Grammaticâ istâ, exhibita; multifariam explicatur, dilatatur, augetur. Cui adjungitur, Grammatices ejusdem (αναλυτικος dispositae) Synopsis, seu Tabula grammaticalis Synoptica, ad puerorum conceptum facilitandum, memoriam firmandum, utilitatemque augendum, confecta in usum Philologorum omnium / Operâ &amp; Industriâ Jos. Riparii in Vico apud Londinates vulgò vocato fleetstreet. Nuper Ludimagistri &amp; verbi Divini Ministri. -- Londini : Excudebat A. M., 1657. -- s. [8], 64, [6]</marc21:subfield>
  </marc21:datafield>
  <marc21:datafield tag="510" ind1="4" ind2=" ">
    <marc21:subfield code="a">SDK,</marc21:subfield>
    <marc21:subfield code="c">816</marc21:subfield>
  </marc21:datafield>
  <marc21:datafield tag="510" ind1="4" ind2=" ">
    <marc21:subfield code="a">Dokoupil. Soupis komenian,</marc21:subfield>
    <marc21:subfield code="c">s. 109, č. 1</marc21:subfield>
  </marc21:datafield>
  <marc21:datafield tag="510" ind1="4" ind2=" ">
    <marc21:subfield code="a">Vobr. Dílo J. A. Komenského,</marc21:subfield>
    <marc21:subfield code="c">265</marc21:subfield>
  </marc21:datafield>
  <marc21:datafield tag="563" ind1=" " ind2=" ">
    <marc21:subfield code="a">Původní kožená vazba, lepenkové desky, hnědá teletina, na deskách orámování z dvoulinek, hřbet pozdější</marc21:subfield>
  </marc21:datafield>
  <marc21:datafield tag="648" ind1=" " ind2="7">
    <marc21:subfield code="a">1601-1650</marc21:subfield>
    <marc21:subfield code="2">czenas</marc21:subfield>
  </marc21:datafield>
  <marc21:datafield tag="648" ind1=" " ind2="7">
    <marc21:subfield code="a">1651-1700</marc21:subfield>
    <marc21:subfield code="2">czenas</marc21:subfield>
  </marc21:datafield>
  <marc21:datafield tag="650" ind1="0" ind2="7">
    <marc21:subfield code="a">historické knihovní fondy</marc21:subfield>
    <marc21:subfield code="2">czenas</marc21:subfield>
  </marc21:datafield>
  <marc21:datafield tag="655" ind1=" " ind2="7">
    <marc21:subfield code="a">staré tisky</marc21:subfield>
    <marc21:subfield code="2">czenas</marc21:subfield>
  </marc21:datafield>
  <marc21:datafield tag="700" ind1="1" ind2=" ">
    <marc21:subfield code="a">Komenský, Jan Amos,</marc21:subfield>
    <marc21:subfield code="d">1592-1670.</marc21:subfield>
    <marc21:subfield code="t">Vestibulum</marc21:subfield>
  </marc21:datafield>
  <marc21:datafield tag="700" ind1="1" ind2=" ">
    <marc21:subfield code="a">Schoof, Heinrich</marc21:subfield>
    <marc21:subfield code="4">ant</marc21:subfield>
  </marc21:datafield>
  <marc21:datafield tag="700" ind1="1" ind2=" ">
    <marc21:subfield code="a">Lily, William,</marc21:subfield>
    <marc21:subfield code="d">ca 1468-1522</marc21:subfield>
    <marc21:subfield code="7">mzk2007401433</marc21:subfield>
    <marc21:subfield code="4">aut</marc21:subfield>
  </marc21:datafield>
  <marc21:datafield tag="700" ind1="1" ind2=" ">
    <marc21:subfield code="a">Riparius, Josephus</marc21:subfield>
    <marc21:subfield code="4">pbl</marc21:subfield>
  </marc21:datafield>
  <marc21:datafield tag="700" ind1="1" ind2=" ">
    <marc21:subfield code="a">Brooksbank, Joseph,</marc21:subfield>
    <marc21:subfield code="d">ca 1612-ca 1660</marc21:subfield>
    <marc21:subfield code="7">mzk2007401434</marc21:subfield>
    <marc21:subfield code="4">aut</marc21:subfield>
  </marc21:datafield>
  <marc21:datafield tag="740" ind1="0" ind2="2">
    <marc21:subfield code="a">His Last Porch Of The Latin Tongue: Setting out the agreement of Things and Language (made fit unto the Rules of the last Method of Languages) made English (according to the Copy thereof turned into Low-Dutch by Henry Schoof) and carefully compared with the Original</marc21:subfield>
  </marc21:datafield>
  <marc21:datafield tag="740" ind1="0" ind2="2">
    <marc21:subfield code="a">Orthographia, Hoc Est Grammatices Nostrae Regiae Latinae Pars prima, rationem exhibens veram, rectè scribendi, atque pronunciandi Linguam Latinam. In quâ Doctrina, in Grammaticâ istâ, exhibita; multifariam explicatur, dilatatur, augetur. Cui adjungitur, Grammatices ejusdem (αναλυτικος dispositae) Synopsis, seu Tabula grammaticalis Synoptica, ad puerorum conceptum facilitandum, memoriam firmandum, utilitatemque augendum, confecta in usum Philologorum omnium</marc21:subfield>
  </marc21:datafield>
  <marc21:datafield tag="910" ind1=" " ind2=" ">
    <marc21:subfield code="b">Ks-0042.413</marc21:subfield>
  </marc21:datafield>
  <marc21:datafield tag="978" ind1=" " ind2=" ">
    <marc21:subfield code="a">Hodgkinsonne</marc21:subfield>
    <marc21:subfield code="b">Ric.</marc21:subfield>
    <marc21:subfield code="c">London</marc21:subfield>
    <marc21:subfield code="f">1647</marc21:subfield>
  </marc21:datafield>
  <marc21:datafield tag="978" ind1=" " ind2=" ">
    <marc21:subfield code="a">M.</marc21:subfield>
    <marc21:subfield code="b">A.</marc21:subfield>
    <marc21:subfield code="c">London</marc21:subfield>
    <marc21:subfield code="f">1657</marc21:subfield>
  </marc21:datafield>
  <marc21:datafield tag="984" ind1=" " ind2=" ">
    <marc21:subfield code="a">Londýn</marc21:subfield>
    <marc21:subfield code="b">Velká Británie</marc21:subfield>
  </marc21:datafield>
  <marc21:datafield tag="990" ind1=" " ind2=" ">
    <marc21:subfield code="a">001052512</marc21:subfield>
  </marc21:datafield>
  <marc21:datafield tag="CAT" ind1=" " ind2=" ">
    <marc21:subfield code="a">BARPRE</marc21:subfield>
    <marc21:subfield code="b">50</marc21:subfield>
    <marc21:subfield code="c">20070717</marc21:subfield>
    <marc21:subfield code="l">MZK03</marc21:subfield>
    <marc21:subfield code="h">1430</marc21:subfield>
  </marc21:datafield>
  <marc21:datafield tag="CAT" ind1=" " ind2=" ">
    <marc21:subfield code="a">BARPRE</marc21:subfield>
    <marc21:subfield code="b">50</marc21:subfield>
    <marc21:subfield code="c">20070717</marc21:subfield>
    <marc21:subfield code="l">MZK03</marc21:subfield>
    <marc21:subfield code="h">1432</marc21:subfield>
  </marc21:datafield>
  <marc21:datafield tag="CAT" ind1=" " ind2=" ">
    <marc21:subfield code="a">BARPRE</marc21:subfield>
    <marc21:subfield code="b">50</marc21:subfield>
    <marc21:subfield code="c">20070717</marc21:subfield>
    <marc21:subfield code="l">MZK03</marc21:subfield>
    <marc21:subfield code="h">1629</marc21:subfield>
  </marc21:datafield>
  <marc21:datafield tag="CAT" ind1=" " ind2=" ">
    <marc21:subfield code="c">20080514</marc21:subfield>
    <marc21:subfield code="l">MZK03</marc21:subfield>
    <marc21:subfield code="h">1639</marc21:subfield>
  </marc21:datafield>
  <marc21:datafield tag="CAT" ind1=" " ind2=" ">
    <marc21:subfield code="c">20080516</marc21:subfield>
    <marc21:subfield code="l">MZK03</marc21:subfield>
    <marc21:subfield code="h">1718</marc21:subfield>
  </marc21:datafield>
  <marc21:datafield tag="CAT" ind1=" " ind2=" ">
    <marc21:subfield code="c">20080930</marc21:subfield>
    <marc21:subfield code="l">MZK03</marc21:subfield>
    <marc21:subfield code="h">1223</marc21:subfield>
  </marc21:datafield>
  <marc21:datafield tag="CAT" ind1=" " ind2=" ">
    <marc21:subfield code="a">MACHJI</marc21:subfield>
    <marc21:subfield code="b">50</marc21:subfield>
    <marc21:subfield code="c">20090217</marc21:subfield>
    <marc21:subfield code="l">MZK03</marc21:subfield>
    <marc21:subfield code="h">1015</marc21:subfield>
  </marc21:datafield>
  <marc21:datafield tag="CAT" ind1=" " ind2=" ">
    <marc21:subfield code="a">MACHJI</marc21:subfield>
    <marc21:subfield code="b">50</marc21:subfield>
    <marc21:subfield code="c">20090217</marc21:subfield>
    <marc21:subfield code="l">MZK03</marc21:subfield>
    <marc21:subfield code="h">1031</marc21:subfield>
  </marc21:datafield>
  <marc21:datafield tag="CAT" ind1=" " ind2=" ">
    <marc21:subfield code="c">20090220</marc21:subfield>
    <marc21:subfield code="l">MZK03</marc21:subfield>
    <marc21:subfield code="h">1115</marc21:subfield>
  </marc21:datafield>
  <marc21:datafield tag="CAT" ind1=" " ind2=" ">
    <marc21:subfield code="c">20090220</marc21:subfield>
    <marc21:subfield code="l">MZK03</marc21:subfield>
    <marc21:subfield code="h">1116</marc21:subfield>
  </marc21:datafield>
  <marc21:datafield tag="CAT" ind1=" " ind2=" ">
    <marc21:subfield code="a">BATCH-UPD</marc21:subfield>
    <marc21:subfield code="b">00</marc21:subfield>
    <marc21:subfield code="c">20090820</marc21:subfield>
    <marc21:subfield code="l">MZK03</marc21:subfield>
    <marc21:subfield code="h">2236</marc21:subfield>
  </marc21:datafield>
  <marc21:datafield tag="MNS" ind1=" " ind2=" ">
    <marc21:subfield code="a">20080515</marc21:subfield>
  </marc21:datafield>
  <marc21:datafield tag="PRU" ind1=" " ind2=" ">
    <marc21:subfield code="a">VZST 070717 PB</marc21:subfield>
  </marc21:datafield>
  <marc21:datafield tag="SGG" ind1=" " ind2=" ">
    <marc21:subfield code="a">0042.413</marc21:subfield>
  </marc21:datafield>
  <marc21:datafield tag="SKC" ind1=" " ind2=" ">
    <marc21:subfield code="a">20080514</marc21:subfield>
  </marc21:datafield>
</marc21:record>
